@String{ usits03 = "Proceedings of the USENIX Symposium on Internet Technologies and Systems (USITS'03)"}
@string{hotos9 = "Proceedings of the 9th Workshop on Hot Topics in Operating Systems (HotOS IX)"}
@string{ asplos11    = "Proceedings of the 11th International Conference on
	Architectural Support for Programming Languages and Operating Systems (ASPLOS IX)" }

@ARTICLE{wright05tos,
  AUTHOR =	 "Charles P. Wright and Jay Dave and Puja Gupta and Harikesavan
		  Krishnan and David P. Quigley and Erez Zadok and
		  Mohammad Nayyer Zubair",
  TITLE =	 "Versatility and Unix Semantics in Namespace Unification",
  JOURNAL =	 "ACM Transactions on Storage (TOS)",
  YEAR =	 "2005",
  VOLUME =	 "1",
  NUMBER =	 "4",
  MONTH =	 "November"
}

@ARTICLE{massie04pc,
  AUTHOR =	 "Matthew L. Massie, Brent N. Chun, and David E. Culler",
  TITLE =	 "The Ganglia Distributed Monitoring System: Design, Implementation, and Experience",
  JOURNAL =	 "Parallel Computing",
  YEAR =	 "2004",
  VOLUME =	 "30",
  NUMBER =	 "7",
  MONTH =	 "July"
}

@ARTICLE{garret05,
  AUTHOR =	 "Jesse James Garret",
  TITLE =	 "Ajax: A New Approach to Web Applications",
  YEAR =	 "2005",
  MONTH =	 "February"
}


@techreport{roc02,
  author =       "D. A. Patterson and A. Brown and P. Broadwell and G. Candea 
                  and M. Chen and J. Cutler and P. Enriquez and A. Fox and
                  E. Kiciman and M. Merzbacher and D. Oppenheimer and 
                  N. Sastry and W. Tetzlaff and J. Traupman and N. Treuhaft",
  title =        "{Recovery-Oriented Computing (ROC): Motivation, Definition, Techniques, and Case Studies}",
  Type  =        "Technical Report",
  institution =  "University of California, Berkeley",
  number =       "UCB//CSD-02-1175",
  month =        mar,
  year =         "2002",
}

@InProceedings{oppenheimer-03-usits,
  author = 	 {David Oppenheimer and Archana Ganapathi and David
	  Patterson},
  title = 	 "{Why do Internet Services Fail, and What Can Be Done
About It}",
  booktitle =    usits03,
  month = 	 mar,
  year = 	 2003
}

@InProceedings{gray86, 
      Author = "Jim Gray", 
      Title  = "{Why do Computers Stop and What Can Be Done About It?}", 
      Booktitle = "Proceedings of 5th Symposium on Reliability in 
                   Distributed Software and Database Systems", 
     Month = jan,
     Year = "1986"
}

@InProceedings{validation-04-osdi,
  author =       "Kiran Nagaraja and F{\'a}bio Oliveira and Ricardo Bianchini
                  and Richard P. Martin and Thu D. Nguyen",
  title =        "{Understanding and Dealing with Operator Mistakes in Internet
Services}",
  booktitle =    "Proceedings of the USENIX Symposium on Operating
                  Systems Design and Implementation (OSDI '04)",
  month =        dec,
  year =         2004,
}

@Misc{postmark,
  author = 	 "J. Katcher",
  title = 	 "{Postmark: A New Filesystem Benchmark}",
  howpublished = "Technical Report TR3022, Network Appliance",
  note = 	 "http://www.netapp.com/tech\_library/3022.html",  
  year = 	 "1997"
}

@inproceedings{brown03undo, 
  author = "Aaron B. Brown and David A. Patterson",
  title = "{Undo for Operators: Building an Undoable E-mail Store}",
  booktitle = "Proceedings of the 2003 USENIX Annual Technical Conference", 
  month = jun,
  year = "2003",
}

@InProceedings{whitaker-04-osdi,
  author =       "Andrew Whitaker and Richard S. Cox and Steven D. Gribble",
  title =        "{Configuration Debugging as Search: Finding the Needle in the Haystack}",
  booktitle =    "Proceedings of the USENIX Symposium on Operating
                  Systems Design and Implementation (OSDI '04)",
  month =        dec,
  year =         2004,
}

@inproceedings{ajmani03-swupgrade,
     Author = {Sameer Ajmani and Barbara Liskov and Liuba Shrira},
     Title = "{Scheduling and Simulation: How to Upgrade Distributed 
Systems}",
    booktitle = hotos9,
     Month = may,
     year = "2003"
}

@INPROCEEDINGS{Sap03b,
AUTHOR="Constantine Sapuntzakis and David Brumley and Ramesh Chandra and
Nickolai Zeldovich and Jim Chow and Monica S. Lam and Mendel Rosenblum",
TITLE="Virtual Appliances for Deploying and Maintaining Software",
BOOKTITLE = "Proceedings of the Seventeenth Large Installation Systems
Administration Conference (LISA '03)",
MONTH = "October",
YEAR = "2003"
}

@inproceedings{chandra-05-nsdi,
title = "The Collective: A Cache-Based System Management Architecture",
author = "R. Chandra and  N. Zeldovich and C. Sapuntzakis and M. S. Lam",
booktitle = "Proceedings of the Second Symposium on Networked Systems Design and
Implementation (NSDI '05)", 
month = may,
year = 2005,
}

@inproceedings{lowell04-devirtualizable,
    Author = {David E. Lowell and Yasushi Saito and Eileen J. Samberg},
    Title = "{Devirtualizable Virtual Machines - Enabling General, 
Single-Node, Online Maintenance}",
    booktitle = asplos11,
    Month = oct,
    year = "2004"
}

@misc{ec2,
	Author="Amazon Web Services",
	Title="Elastic Compute Cloud",
}		

@inproceedings{ kittyhawk,
        author = "Jonathan Appavoo and Volkmar Uhlig and Amos Waterland",
        title = "Project Kittyhawk: building a global-scale computer: {Blue Gene/P} as a generic computing platform",
        booktitle = "ACM SIGOPS Operating System Review",
        year = 2008 }

@misc{ lvm,
	author = "Michael Hasenstein",
	title = "The Logical Volume Manager ({LVM})",
}

@misc{ plan9ports,
	author = "Russ Cox",
	title = "{Plan~9} from User Space",
}

@misc{ yesterday,
	author = "Ken Thompson",
	title = "{Plan~9} Man Page",
}

@inproceedings{ blutopia,
	author = "Fabio Olivera and etal",
	title = "Blutopia: Stackable Storage for Cluster Management",
    	booktitle = "Proceedings of the IEEE Clusters conference",
    	year = "2007"
}

@inproceedings{ venti,
	author = "Sean Quinlan and Sean Dorward",
	title = "Venti: a new approach to archival storage",
    	booktitle = "the USENIX Conference on File and Storage Technologies",
    	year = "2002"
}

@inproceedings{ foundation,
	author = "Sean Rhea and Russ Cox and Alex Pesterev",
	title = "Fast, Inexpensive Content-Addressed Storage in Foundation",
    	booktitle = "Proceedings of the USENIX Annual Technical Conference",
    	year = "2008"
}

@techreport{ memventi,
  author =       "Mechiel Lukkien",
  title =        "Venti analysis and memventi implementation",
  Type  =        "Technical Report",
  institution =  "University of Twente",
  number =       "694",
  year =         "2007",
}

@inproceedings{ chordventi,
	author = "E. Sit and J. Cates and R. Cox",
	title = "A {DHT}-based Backup System",
    	booktitle = "IRIS Student Workshop",
    	year = "2003"
}

@inproceedings{ qemu,
	author = "F. Bellard",
	title = "{QEMU}, a Fast and Portable Dynamic Translator",
    	booktitle = "Proceedings of the USENIX Annual Technical Conference",
    	year = "2005"
}

@inproceedings{ kvm,
	author = "A. Kivity and Y. Kamay and D. Laor and U. Lublin and A. Liguori",
	title = "{KVM}: the {Linux} Virtual Machine Monitor",
	booktitle = "Ottawa Linux Symposium",
	year = "2007",
}

@inproceedings{ virtio,
	author = "Rusty Russel",
	title = "virtio: towardsa a de-facto standard for virtual {I/O} devices",
	booktitle = "Operating Systems Review",
	year = "2008",
}

@inproceedings{ nath,
	author = "Partho Nath and Michael Jozuch and David OHallaron and Jan Harkes and M. Satyanarayanan and Niraj Toli and Matt Toups",
	title = "Design Tradeoffs in Applying Content Addressable Storage to Enterprise-scale Systems Based on Virtual Machines",
	booktitle = "Proceedings of the 2006 USENIX Annual Technical Conference",
	year = "2006",
}

@inproceedings{ mirage,
	author = "Darrell Reimer and Arun Thomas and Glenn Ammons and Todd Mummert and Bown Alpern and Vasanth Bala",
	title = "Opening Black Boxes: Using Semantic Information to Combat Virtual Machine Image Sprawl",
	booktitle = "Proceedings of the 2008 USENIX Virtual Execution Environments Workshop",
	year = "2008",
}

@INPROCEEDINGS{graverobber,
    author = {Eric Van Hensbergen and Ron Minnich},
    title = {Grave Robbers from outer space: Using {9P2000} under {Linux}},
    booktitle = {In Proceedings of Freenix Annual Conference},
    year = {2005},
    pages = {83--94}
}

@misc{9P,
	author = "Eric Van Hensbergen",
	title = "{9P2000} {RFC}",
}
